@online{sodcal2025,
  author       = {fantaz},
  title        = {Simple Shock Tube Calculator},
  year         = {2021},
  organization = {GitLab},
  url          = {https://gitlab.com/fantaz/simple_shock_tube_calculator},
  urldate      = {2025-06-17},
  note         = {Accessed: 2025-06-17}
}